
@article{anger_-situ_1977,
	title = {In-situ investigations on the echinoderm Asterias rubens as a predator of soft-bottom communities in the western Baltic Sea},
	volume = {29},
	url = {http://hmr.biomedcentral.com/articles/10.1007/BF01609982},
	pages = {439--459},
	number = {4},
	journaltitle = {Helgoländer Wissenschaftliche Meeresuntersuchungen},
	author = {Anger, Klaus and Rogal, U. and Schriever, G. and Valentin, C.},
	urldate = {2016-11-07},
	date = {1977},
	keywords = {Asterias, Astred English, Astred project, Macoma, Mytilus},
	file = {Anger 1977.pdf:C\:\\Users\\X200\\AppData\\Roaming\\Zotero\\Zotero\\Profiles\\f9ne3lyw.default\\zotero\\storage\\9SMZHSE7\\Anger 1977.pdf:application/pdf}
}

@book{barton_mumin:_2016,
	title = {{MuMIn}: Multi-Model Inference},
	url = {https://CRAN.R-project.org/package=MuMIn},
	author = {Barton, Kamil},
	date = {2016},
	keywords = {Astred English}
}

@article{bates_fitting_2015,
	title = {Fitting Linear Mixed-Effects Models Using lme4},
	volume = {67},
	doi = {10.18637/jss.v067.i01},
	pages = {1--48},
	number = {1},
	journaltitle = {Journal of Statistical Software},
	author = {Bates, Douglas and Mächler, Martin and Bolker, Ben and Walker, Steve},
	date = {2015},
	keywords = {Astred English, Astred project, Statistica}
}

@article{bates_genetic_1995,
	title = {Genetic variation among populations of Mytilus spp. in eastern Newfoundland},
	volume = {124},
	url = {http://www.springerlink.com/index/K007865073433408.pdf},
	pages = {417--424},
	number = {3},
	journaltitle = {Marine Biology},
	author = {Bates, J. A. and Innes, D. J.},
	urldate = {2017-03-21},
	date = {1995},
	keywords = {Astred English},
	file = {Bates Innes 1995 Genetic variation among mussels in Newfoundland.pdf:C\:\\Users\\X200\\AppData\\Roaming\\Zotero\\Zotero\\Profiles\\f9ne3lyw.default\\zotero\\storage\\97XXGAEN\\Bates Innes 1995 Genetic variation among mussels in Newfoundland.pdf:application/pdf}
}

@article{beaumont_three_2008,
	title = {Three species of Mytilus and their hybrids identified in a Scottish Loch: natives, relicts and invaders?},
	volume = {367},
	issn = {00220981},
	url = {http://linkinghub.elsevier.com/retrieve/pii/S0022098108004346},
	doi = {10.1016/j.jembe.2008.08.021},
	pages = {100--110},
	number = {2},
	journaltitle = {Journal of Experimental Marine Biology and Ecology},
	author = {Beaumont, Andy R. and Hawkins, Marie P. and Doig, Fiona L. and Davies, Ian M. and Snow, Michael},
	urldate = {2015-02-12},
	date = {2008-12},
	langid = {english},
	keywords = {Astred English, Astred project, edulis, Mytilus, trossulus},
	file = {Beamont et al 2008 trossulus in UK fragile mussels.pdf:C\:\\Users\\X200\\AppData\\Roaming\\Zotero\\Zotero\\Profiles\\f9ne3lyw.default\\zotero\\storage\\3TUMGTQA\\Beamont et al 2008 trossulus in UK fragile mussels.pdf:application/pdf}
}

@article{braby_following_2006,
	title = {Following the heart: temperature and salinity effects on heart rate in native and invasive species of blue mussels (genus Mytilus)},
	volume = {209},
	issn = {0022-0949, 1477-9145},
	url = {http://jeb.biologists.org/cgi/doi/10.1242/jeb.02259},
	doi = {10.1242/jeb.02259},
	shorttitle = {Following the heart},
	pages = {2554--2566},
	number = {13},
	journaltitle = {Journal of Experimental Biology},
	author = {Braby, C. E.},
	urldate = {2017-03-21},
	date = {2006-07-01},
	langid = {english},
	keywords = {Astred English},
	file = {Braby Somero 2006 Following the heart temperature and salinity effects on heart rate in mussels species.pdf:C\:\\Users\\X200\\AppData\\Roaming\\Zotero\\Zotero\\Profiles\\f9ne3lyw.default\\zotero\\storage\\TJIV27T5\\Braby Somero 2006 Following the heart temperature and salinity effects on heart rate in mussels species.pdf:application/pdf}
}

@article{brooks_distribution_2013,
	title = {The Distribution of the Mussel \textit{Mytilus} Species Along the Norwegian Coast},
	volume = {32},
	issn = {0730-8000, 1943-6319},
	url = {http://www.bioone.org/doi/abs/10.2983/035.032.0203},
	doi = {10.2983/035.032.0203},
	pages = {265--270},
	number = {2},
	journaltitle = {Journal of Shellfish Research},
	author = {Brooks, Steven J. and Farmen, Eivind},
	urldate = {2015-02-12},
	date = {2013-08},
	langid = {english},
	keywords = {Astred English},
	file = {Brooks Farmen 2013 distribution Mytilus species in Norway.pdf:C\:\\Users\\X200\\AppData\\Roaming\\Zotero\\Zotero\\Profiles\\f9ne3lyw.default\\zotero\\storage\\WIPAA3FB\\Brooks Farmen 2013 distribution Mytilus species in Norway.pdf:application/pdf}
}

@article{buschbaum_mytilid_2009,
	title = {Mytilid mussels: global habitat engineers in coastal sediments},
	volume = {63},
	issn = {1438-387X, 1438-3888},
	url = {http://link.springer.com/10.1007/s10152-008-0139-2},
	doi = {10.1007/s10152-008-0139-2},
	shorttitle = {Mytilid mussels},
	pages = {47--58},
	number = {1},
	journaltitle = {Helgoland Marine Research},
	author = {Buschbaum, Christian and Dittmann, Sabine and Hong, Jae-Sang and Hwang, In-Seo and Strasser, Matthias and Thiel, Martin and Valdivia, Nelson and Yoon, San-Pil and Reise, Karsten},
	urldate = {2017-03-21},
	date = {2009-03},
	langid = {english},
	keywords = {Astred English},
	file = {Buschbaum et al 2009.pdf:C\:\\Users\\X200\\AppData\\Roaming\\Zotero\\Zotero\\Profiles\\f9ne3lyw.default\\zotero\\storage\\PNEMIG8A\\Buschbaum et al 2009.pdf:application/pdf}
}

@article{comesana_molecular_1999,
	title = {A molecular approach to the ecology of a mussel (Mytilus edulis–M. trossulus) hybrid zone on the east coast of Newfoundland, Canada},
	volume = {133},
	url = {http://link.springer.com/article/10.1007/s002270050460},
	pages = {213--221},
	number = {2},
	journaltitle = {Marine Biology},
	author = {Comesaña, A. S. and Toro, J. E. and Innes, D. J. and Thompson, R. J.},
	urldate = {2015-02-12},
	date = {1999},
	keywords = {Astred English},
	file = {Comesana et al 1999 A molecular approach to the ecology of a mussel hybrid zone.pdf:C\:\\Users\\X200\\AppData\\Roaming\\Zotero\\Zotero\\Profiles\\f9ne3lyw.default\\zotero\\storage\\SPPW69JV\\Comesana et al 1999 A molecular approach to the ecology of a mussel hybrid zone.pdf:application/pdf}
}

@article{currey_mechanical_1974,
	title = {The mechanical behaviour of some molluscan hard tissues},
	volume = {173},
	url = {http://onlinelibrary.wiley.com/doi/10.1111/j.1469-7998.1974.tb04122.x/full},
	pages = {395--406},
	number = {3},
	journaltitle = {Journal of Zoology},
	author = {Currey, J. D. and Taylor, J. D.},
	urldate = {2017-03-21},
	date = {1974},
	keywords = {Astred English},
	file = {Currey Taylor 1974 The mechanical behaviour of some molluscan hard tissues.pdf:C\:\\Users\\X200\\AppData\\Roaming\\Zotero\\Zotero\\Profiles\\f9ne3lyw.default\\zotero\\storage\\HZ2SZX45\\Currey Taylor 1974 The mechanical behaviour of some molluscan hard tissues.pdf:application/pdf}
}

@article{dias_performance_2011,
	title = {Performance of Mussels, Mytilus edulis, Mytilus trossulus, and Their Hybrids in Cultivation at Three Scottish Lochs},
	volume = {42},
	url = {http://onlinelibrary.wiley.com/doi/10.1111/j.1749-7345.2010.00450.x/full},
	pages = {111--121},
	number = {1},
	journaltitle = {Journal of the World Aquaculture Society},
	author = {Dias, P. Joana and Malgrange, Bastien and Snow, Michael and Davies, Ian M.},
	urldate = {2015-03-04},
	date = {2011},
	keywords = {Astred English},
	file = {Dias et al 2011 Performance of Mussels and Their Hybrids in Cultivation.pdf:C\:\\Users\\X200\\AppData\\Roaming\\Zotero\\Zotero\\Profiles\\f9ne3lyw.default\\zotero\\storage\\VKRMSFIW\\Dias et al 2011 Performance of Mussels and Their Hybrids in Cultivation.pdf:application/pdf}
}

@article{elliott_differences_2008,
	title = {Differences in morphology and habitat use among the native mussel Mytilus trossulus, the non-native M. galloprovincialis, and their hybrids in Puget Sound, Washington},
	volume = {156},
	issn = {0025-3162, 1432-1793},
	url = {http://link.springer.com/10.1007/s00227-008-1063-3},
	doi = {10.1007/s00227-008-1063-3},
	pages = {39--53},
	number = {1},
	journaltitle = {Marine Biology},
	author = {Elliott, Joel and Holmes, Kathleen and Chambers, Rachel and Leon, Kate and Wimberger, Peter},
	urldate = {2017-03-21},
	date = {2008-11},
	langid = {english},
	keywords = {Astred English},
	file = {Elliot et al 2008 Differences_in_morphology_M.galloprovincialis and M.trossulus.pdf:C\:\\Users\\X200\\AppData\\Roaming\\Zotero\\Zotero\\Profiles\\f9ne3lyw.default\\zotero\\storage\\C66BQJX8\\Elliot et al 2008 Differences_in_morphology_M.galloprovincialis and M.trossulus.pdf:application/pdf}
}

@article{gardner_influence_2009,
	title = {Influence of genotype and geography on shell shape and morphometric trait variation among North Atlantic blue mussel (Mytilus spp.) populations},
	volume = {96},
	url = {http://onlinelibrary.wiley.com/doi/10.1111/j.1095-8312.2008.01166.x/full},
	pages = {875--897},
	number = {4},
	journaltitle = {Biological Journal of the Linnean Society},
	author = {Gardner, Jonathan and Thompson, Raymond J.},
	urldate = {2015-03-04},
	date = {2009},
	keywords = {Astred English},
	file = {Gardner Thompson 2009 Influence of genotype and geography on shell shape.pdf:C\:\\Users\\X200\\AppData\\Roaming\\Zotero\\Zotero\\Profiles\\f9ne3lyw.default\\zotero\\storage\\E2A87CW2\\Gardner Thompson 2009 Influence of genotype and geography on shell shape.pdf:application/pdf}
}

@article{innes_morphological_1999,
	title = {Morphological variation of Mytilus edulis and Mytilus trossulus in eastern Newfoundland},
	volume = {133},
	url = {http://link.springer.com/article/10.1007/s002270050510},
	pages = {691--699},
	number = {4},
	journaltitle = {Marine Biology},
	author = {Innes, D. J. and Bates, J. A.},
	urldate = {2015-03-04},
	date = {1999},
	keywords = {Astred English},
	file = {Innes Bates 1999 Morphological variation of Mytilus edulis and Mytilus trossulus.pdf:C\:\\Users\\X200\\AppData\\Roaming\\Zotero\\Zotero\\Profiles\\f9ne3lyw.default\\zotero\\storage\\67SXPTFE\\Innes Bates 1999 Morphological variation of Mytilus edulis and Mytilus trossulus.pdf:application/pdf}
}

@article{katolikova_genetic_2016,
	title = {Genetic, Ecological and Morphological Distinctness of the Blue Mussels Mytilus trossulus Gould and M. edulis L. in the White Sea},
	volume = {11},
	issn = {1932-6203},
	url = {http://dx.plos.org/10.1371/journal.pone.0152963},
	doi = {10.1371/journal.pone.0152963},
	pages = {e0152963},
	number = {4},
	journaltitle = {{PLOS} {ONE}},
	author = {Katolikova, Marina and Khaitov, Vadim and Väinölä, Risto and Gantsevich, Michael and Strelkov, Petr},
	editor = {Colgan, Donald James},
	urldate = {2016-11-07},
	date = {2016-04-04},
	langid = {english},
	keywords = {Astred English, Astred project, edulis, Mytilus, trossulus},
	file = {Katolikova et al 2016 Sympatric Mussels in the White Sea.pdf:C\:\\Users\\X200\\AppData\\Roaming\\Zotero\\Zotero\\Profiles\\f9ne3lyw.default\\zotero\\storage\\6S743239\\Katolikova et al 2016 Sympatric Mussels in the White Sea.pdf:application/pdf}
}

@article{kautsky_genotypic_1990,
	title = {Genotypic and phenotypic differences between Baltic and North Sea populations of Mytilus edulis evaluated through reciprocal transplantations. I. Growth and morphology},
	volume = {59},
	pages = {203--210},
	journaltitle = {Marine Ecology Progress Series},
	author = {Kautsky, Nils and Johannesson, Kerstin and Tedengren, Michael},
	date = {1990},
	keywords = {Astred English, Astred project, edulis, Mytilus, trossulus},
	file = {Kautsky et al 1990 mussell cross transplantation.pdf:D\:\\Text\\Listlit\\Sorted\\Mytilus\\Kautsky et al 1990 mussell cross transplantation.pdf:application/pdf}
}

@article{kepel_morphological_1992,
	title = {Morphological analysis of mussels of the genus Mytilus (Mollusca, Bivalvia, Mytilidae) from the seas of {USSR}},
	volume = {79},
	pages = {33--40},
	journaltitle = {Zool Zhurnal},
	author = {Kepel, A. A. and Ozolinsh, A. V.},
	date = {1992},
	keywords = {Astred English}
}

@article{koehn_genetic_1984,
	title = {Genetic differentiation of Mytilus edulis in eastern North America},
	volume = {79},
	url = {http://www.springerlink.com/index/UPP140747633T166.pdf},
	pages = {117--126},
	number = {2},
	journaltitle = {Marine biology},
	author = {Koehn, R. K. and Hall, J. G. and Innes, D. J. and Zera, A. J.},
	urldate = {2017-03-21},
	date = {1984},
	keywords = {Astred English},
	file = {Koehn et al 1984 Genetic differentiation of Mytilus edulis in eastern North America.pdf:C\:\\Users\\X200\\AppData\\Roaming\\Zotero\\Zotero\\Profiles\\f9ne3lyw.default\\zotero\\storage\\UXC8RQHW\\Koehn et al 1984 Genetic differentiation of Mytilus edulis in eastern North America.pdf:application/pdf}
}

@article{le_rossignol_breaking_2011,
	title = {Breaking down the mussel (Mytilus edulis) shell: Which layers affect Oystercatchers' (Haematopus ostralegus) prey selection?},
	volume = {405},
	issn = {00220981},
	url = {http://linkinghub.elsevier.com/retrieve/pii/S002209811100236X},
	doi = {10.1016/j.jembe.2011.05.021},
	shorttitle = {Breaking down the mussel (Mytilus edulis) shell},
	pages = {87--92},
	number = {1},
	journaltitle = {Journal of Experimental Marine Biology and Ecology},
	author = {Le Rossignol, André P. and Buckingham, Sam G. and Lea, Stephen E.G. and Nagarajan, Rajarathinavelu},
	urldate = {2017-03-21},
	date = {2011-08},
	langid = {english},
	keywords = {Astred English},
	file = {Rossignol et al 2011 Which shell layers affect Haematopus prey selection.pdf:C\:\\Users\\X200\\AppData\\Roaming\\Zotero\\Zotero\\Profiles\\f9ne3lyw.default\\zotero\\storage\\TU768SCN\\Rossignol et al 2011 Which shell layers affect Haematopus prey selection.pdf:application/pdf}
}

@article{liu_aggregational_2011,
	title = {Aggregational behavior of the blue mussels Mytilus edulis and Mytilus trossulus: a potential pre-zygotic reproductive isolation mechanism: Aggregational behavior of M. edulis and M. trossulus},
	volume = {32},
	issn = {01739565},
	url = {http://doi.wiley.com/10.1111/j.1439-0485.2011.00446.x},
	doi = {10.1111/j.1439-0485.2011.00446.x},
	shorttitle = {Aggregational behavior of the blue mussels Mytilus edulis and Mytilus trossulus},
	pages = {480--487},
	number = {4},
	journaltitle = {Marine Ecology},
	author = {Liu, Guangxu and Stapleton, Erin and Innes, David and Thompson, Raymond},
	urldate = {2015-02-12},
	date = {2011-12},
	langid = {english},
	keywords = {Astred English, Astred project, edulis, Mytilus, trossulus},
	file = {Liu et al 2011 агрегации у разных видов мидий.pdf:C\:\\Users\\X200\\AppData\\Roaming\\Zotero\\Zotero\\Profiles\\f9ne3lyw.default\\zotero\\storage\\39F4PIGX\\Liu et al 2011 агрегации у разных видов мидий.pdf:application/pdf}
}

@article{lowen_predator-induced_2013,
	title = {Predator-induced defenses differ between sympatric Mytilus edulis and M. trossulus},
	volume = {475},
	issn = {0171-8630, 1616-1599},
	url = {http://www.int-res.com/abstracts/meps/v475/p135-143/},
	doi = {10.3354/meps10106},
	pages = {135--143},
	journaltitle = {Marine Ecology Progress Series},
	author = {Lowen, Jb and Innes, Dj and Thompson, Rj},
	urldate = {2015-03-04},
	date = {2013-02-14},
	langid = {english},
	keywords = {Astred English, Astred project, edulis, Mytilus, trossulus},
	file = {Lowen et al 2013 Predator induced defenses differ between sympatric Mytilus edulis and M trossulus (1).pdf:C\:\\Users\\X200\\AppData\\Roaming\\Zotero\\Zotero\\Profiles\\f9ne3lyw.default\\zotero\\storage\\282FW7BG\\Lowen et al 2013 Predator induced defenses differ between sympatric Mytilus edulis and M trossulus (1).pdf:application/pdf}
}

@article{mcdonald_musselsmytilus_1988,
	title = {The {musselsMytilus} galloprovincialis {andM}. trossulus on the Pacific coast of North America},
	volume = {99},
	url = {http://www.springerlink.com/index/J40N2N064778843G.pdf},
	pages = {111--118},
	number = {1},
	journaltitle = {Marine Biology},
	author = {{McDonald}, J. H. and Koehn, R. K.},
	urldate = {2017-03-21},
	date = {1988},
	keywords = {Astred English},
	file = {McDonald Kohen 1988 The mussels Mytilus galloprovincialis and M. trossulus.pdf:C\:\\Users\\X200\\AppData\\Roaming\\Zotero\\Zotero\\Profiles\\f9ne3lyw.default\\zotero\\storage\\UP8BG4DK\\McDonald Kohen 1988 The mussels Mytilus galloprovincialis and M. trossulus.pdf:application/pdf}
}

@article{mcdonald_allozymes_1991,
	title = {Allozymes and morphometric characters of three species of Mytilus in the Northern and Southern Hemispheres},
	volume = {111},
	url = {http://www.springerlink.com/index/N632V263V702174M.pdf},
	pages = {323--333},
	number = {3},
	journaltitle = {Marine Biology},
	author = {{McDonald}, J. H. and Seed, R. and Koehn, R. K.},
	urldate = {2017-03-21},
	date = {1991},
	keywords = {Astred English},
	file = {McDonald 1991 AHozymes and morphometric characters of three species of Mytilus.pdf:C\:\\Users\\X200\\AppData\\Roaming\\Zotero\\Zotero\\Profiles\\f9ne3lyw.default\\zotero\\storage\\R6GK9FUS\\McDonald 1991 AHozymes and morphometric characters of three species of Mytilus.pdf:application/pdf}
}

@article{nakagawa_general_2013,
	title = {A general and simple method for obtaining \textit{R} $^{\textrm{2}}$ from generalized linear mixed-effects models},
	volume = {4},
	issn = {2041210X},
	url = {http://doi.wiley.com/10.1111/j.2041-210x.2012.00261.x},
	doi = {10.1111/j.2041-210x.2012.00261.x},
	pages = {133--142},
	number = {2},
	journaltitle = {Methods in Ecology and Evolution},
	author = {Nakagawa, Shinichi and Schielzeth, Holger},
	editor = {O'Hara, Robert B.},
	urldate = {2017-03-21},
	date = {2013-02},
	langid = {english},
	keywords = {Astred English},
	file = {Nakagawa Schielzeth 2012 Rsq for GLMM.pdf:C\:\\Users\\X200\\AppData\\Roaming\\Zotero\\Zotero\\Profiles\\f9ne3lyw.default\\zotero\\storage\\KFZETP2M\\Nakagawa Schielzeth 2012 Rsq for GLMM.pdf:application/pdf}
}

@article{norberg_attack_1995,
	title = {Attack behaviour and predatory success of Asterias rubens L. related to differences in size and morphology of the prey mussel Mytilus edulis L.},
	volume = {186},
	issn = {0022-0981},
	url = {http://www.sciencedirect.com/science/article/pii/002209819400158A},
	doi = {http://dx.doi.org/10.1016/0022-0981(94)00158-A},
	abstract = {The temporal variation in force application of uni sized Asterias rubens on mussels of three different sizes was monitored by equipping mussel shells with electronic indicator devices and connecting them to a dynamometer. Three types of behaviour were observed. On small mussels a short pulse of ≈150 s was applied whereas on medium sized mussels the pulse exceeded 500 s. On large mussels a short pulse of ≈ 150 s was followed by a change in position to the dorsal side of the mussel. Sometimes a pulse was applied from this position. The maximum force during a pulse was between 7.6 and 70 N and not correlated to size of either mussel or starfish. Asterias seems to be able to respond to mussel size and morphology by changing its attack strategy. If the starfish is not able to open the mussel by a short force pulse or by exhaustion, it seems to use a siege strategy and wait out its prey. A high variability in mussel morphology was found between and within three different habitats in the North Sea. 70\% of Mytilus edulis of North Sea origin were able to resist the force applied by Asterias rubens whereas all mussels of Baltic Sea origin were opened within one hour. Differences in mussel height, muscle size and muscle attachment were found between surviving and non-surviving mussels. These differences can also be noted between habitats with high versus low predation pressure.},
	pages = {207 -- 220},
	number = {2},
	journaltitle = {Journal of Experimental Marine Biology and Ecology},
	author = {Norberg, Jon and Tedengren, Michael},
	date = {1995},
	keywords = {Asterias, Astred English, Astred project, Prey size},
	file = {Norberg Tedengren 1995 Attack behaviour and predatory success of Asterias rubens L. related to differences in size and morphology of the prey mussel Mytilus edulis L..pdf:D\:\\Text\\Listlit\\Sorted\\Asterias and Seastars\\Norberg Tedengren 1995 Attack behaviour and predatory success of Asterias rubens L. related to differences in size and morphology of the prey mussel Mytilus edulis L..pdf:application/pdf}
}

@article{qiu_ontogenetic_2002,
	title = {Ontogenetic changes in hyposaline tolerance in the mussels Mytilus edulis and M. trossulus: implications for distribution},
	volume = {228},
	url = {http://www.researchgate.net/profile/Rejean_Tremblay2/publication/234119217_Ontogenetic_changes_in_hyposaline_tolerance_in_the_mussels_Mytilus_edulis_and_M._trossulus__implications_for_distribution/links/0fcfd50f6d0375a076000000.pdf},
	shorttitle = {Ontogenetic changes in hyposaline tolerance in the mussels Mytilus edulis and M. trossulus},
	pages = {143--152},
	journaltitle = {Marine Ecology Progress Series},
	author = {Qiu, Jian-Wen and Tremblay, Réjean and Bourget, Edwin},
	urldate = {2015-03-04},
	date = {2002},
	keywords = {Astred English},
	file = {Qiu et al 2002.pdf:C\:\\Users\\X200\\AppData\\Roaming\\Zotero\\Zotero\\Profiles\\f9ne3lyw.default\\zotero\\storage\\A5R3WDFD\\Qiu et al 2002.pdf:application/pdf}
}

@book{r_core_team_r:_2016,
	location = {Vienna, Austria},
	title = {R: A Language and Environment for Statistical Computing},
	url = {https://www.R-project.org/},
	publisher = {R Foundation for Statistical Computing},
	author = {{R Core Team}},
	date = {2016},
	keywords = {Astred English, Astred project, Statistica}
}

@article{reimer_predator-inducible_2001,
	title = {Predator-inducible changes in blue mussels from the predator-free Baltic Sea},
	volume = {139},
	issn = {0025-3162, 1432-1793},
	url = {http://link.springer.com/10.1007/s002270100606},
	doi = {10.1007/s002270100606},
	pages = {959--965},
	number = {5},
	journaltitle = {Marine Biology},
	author = {Reimer, O. and Harms-Ringdahl, S.},
	urldate = {2017-03-21},
	date = {2001-11-01},
	keywords = {Astred English},
	file = {Reimer Harms-Ringdahl 2001 Predator induced changes in Baltic mussels.pdf:C\:\\Users\\X200\\AppData\\Roaming\\Zotero\\Zotero\\Profiles\\f9ne3lyw.default\\zotero\\storage\\BSCAMHX7\\Reimer Harms-Ringdahl 2001 Predator induced changes in Baltic mussels.pdf:application/pdf}
}

@article{reimer_predator-induced_1997,
	title = {Predator-induced changes in byssal attachment, aggregation and migration in the blue mussel, Mytilus edulis},
	volume = {30},
	url = {http://www.tandfonline.com/doi/abs/10.1080/10236249709379029},
	pages = {251--266},
	number = {4},
	journaltitle = {Marine \& Freshwater Behaviour \& Physioloy},
	author = {Reimer, Olof and Tedengren, Michael},
	urldate = {2015-03-04},
	date = {1997},
	keywords = {Astred English, Astred project, Mytilus},
	file = {Reimer Tedengren 1997 Predator induced changesin byssus attachment and aggregation.pdf:C\:\\Users\\X200\\AppData\\Roaming\\Zotero\\Zotero\\Profiles\\f9ne3lyw.default\\zotero\\storage\\KNA9DC8W\\Reimer Tedengren 1997 Predator induced changesin byssus attachment and aggregation.pdf:application/pdf}
}

@article{riginos_local_2005,
	title = {Local adaptation and species segregation in two mussel (Mytilus edulis × Mytilus trossulus) hybrid zones:},
	volume = {14},
	issn = {09621083},
	url = {http://doi.wiley.com/10.1111/j.1365-294X.2004.02379.x},
	doi = {10.1111/j.1365-294X.2004.02379.x},
	shorttitle = {{INVITED} {REVIEW}},
	pages = {381--400},
	number = {2},
	journaltitle = {Molecular Ecology},
	author = {Riginos, C. and Cunningham, C. W.},
	urldate = {2015-02-12},
	date = {2005},
	langid = {english},
	keywords = {Astred English, Astred project, edulis, Mytilus, trossulus},
	file = {Riginos Cunningham 2005.pdf:C\:\\Users\\X200\\AppData\\Roaming\\Zotero\\Zotero\\Profiles\\f9ne3lyw.default\\zotero\\storage\\2FDZ94NA\\Riginos Cunningham 2005.pdf:application/pdf}
}

@incollection{seed_population_1992,
	location = {Amsterdam. {NL}.},
	title = {Population and community ecology of Mytilus},
	series = {Dev.Aquacult.Fish Sci.},
	pages = {87--169},
	number = {25},
	booktitle = {The mussel mytilus: ecology, physiology, genetics and culture.},
	publisher = {Elsevier},
	author = {Seed, R. and Suchanek, T. H.},
	date = {1992},
	keywords = {Astred English, Astred project, Mytilus}
}

@article{vainola_mytilus_2011,
	title = {Mytilus trossulus in Northern Europe},
	volume = {158},
	issn = {0025-3162, 1432-1793},
	url = {http://link.springer.com/10.1007/s00227-010-1609-z},
	doi = {10.1007/s00227-010-1609-z},
	pages = {817--833},
	number = {4},
	journaltitle = {Marine Biology},
	author = {Väinölä, Risto and Strelkov, Petr},
	urldate = {2015-02-12},
	date = {2011-04},
	langid = {english},
	keywords = {Astred English, Astred project, edulis, Mytilus, trossulus},
	file = {Vainola Strelkov 2011.pdf:C\:\\Users\\X200\\AppData\\Roaming\\Zotero\\Zotero\\Profiles\\f9ne3lyw.default\\zotero\\storage\\MJ55PV2D\\Vainola Strelkov 2011.pdf:application/pdf}
}

@article{varvio_evolutionary_1988,
	title = {Evolutionary genetics of the Mytilus edulis complex in the North Atlantic region},
	volume = {98},
	url = {http://www.springerlink.com/index/V0122363HH6N7451.pdf},
	pages = {51--60},
	number = {1},
	journaltitle = {Marine Biology},
	author = {Varvio, S.-L. and Koehn, R. K. and Väinölä, R.},
	urldate = {2017-03-21},
	date = {1988},
	keywords = {Astred English},
	file = {Varvio et al 1988 Evolutionary genetics of the Mytilus edulis complex.pdf:C\:\\Users\\X200\\AppData\\Roaming\\Zotero\\Zotero\\Profiles\\f9ne3lyw.default\\zotero\\storage\\KJRMRQHQ\\Varvio et al 1988 Evolutionary genetics of the Mytilus edulis complex.pdf:application/pdf}
}

@book{wickham_ggplot2:_2009,
	title = {ggplot2: Elegant Graphics for Data Analysis},
	isbn = {978-0-387-98140-6},
	url = {http://ggplot2.org},
	publisher = {Springer-Verlag New York},
	author = {Wickham, Hadley},
	date = {2009},
	keywords = {Astred English, Astred project, Statistica}
}

@article{zimmer_keystonein:_2016,
	title = {{KEYSTONEin}: A glycoprotein cue drives predation on mussels and structures rocky intertidal communities},
	volume = {560},
	issn = {0171-8630, 1616-1599},
	url = {http://www.int-res.com/abstracts/meps/v560/p199-206/},
	doi = {10.3354/meps11939},
	shorttitle = {{KEYSTONEin}},
	pages = {199--206},
	journaltitle = {Marine Ecology Progress Series},
	author = {Zimmer, R. and Ferrier, G. and Zimmer, C.},
	urldate = {2017-03-21},
	date = {2016-11-24},
	langid = {english},
	keywords = {Astred English},
	file = {Zimmer et al 2016 KEYSTONEin A glycoprotein cue drives predation.pdf:C\:\\Users\\X200\\AppData\\Roaming\\Zotero\\Zotero\\Profiles\\f9ne3lyw.default\\zotero\\storage\\4K6DKCVC\\Zimmer et al 2016 KEYSTONEin A glycoprotein cue drives predation.pdf:application/pdf}
}

@article{zolotarev_interralations_1997,
	title = {Interralations of prismatic and pearl layers in the shells of the mussel Mytilus trossulus},
	volume = {23},
	pages = {26--30},
	journaltitle = {Biologia Morya},
	author = {Zolotarev, V. N. and Shurova, V. N.},
	date = {1997},
	keywords = {Astred English}
}

@article{zuur_mixed_2009,
	title = {Mixed effects models and extensions in ecology with R.},
	journaltitle = {New York, {NY}: Spring Science and Business Media},
	author = {Zuur, A.F. and Ieno, E.N. and Walker, N.J. and Saveliev, A.A. and Smith, G.M.},
	date = {2009},
	keywords = {Astred English, Astred project, Statistica},
	file = {Zuur et al_2009_Mixed Effects Models and Extensions in Ecology With R.pdf:D\:\\Text\\Listlit\\Sorted\\Mathematics\\R\\Zuur et al_2009_Mixed Effects Models and Extensions in Ecology With R.pdf:application/pdf}
}