@article{yoneyama1991formation,
  title={Formation of Shell Growth Rings in the Abalone, Haliotis gigantea from Izu-Oshima},
  author={YONEYAMA, Sumio},
  journal={Aquaculture Science},
  volume={39},
  number={2},
  pages={181--188},
  year={1991},
  publisher={Japanese Society for Aquaculture Science}
}


@article{nash1994population,
  title={The population biology of abalone (haliotis species) in tasmania. i. blacklip abalone (h. rubra) from the north coast and islands of bass strait},
  author={Nash, Warwick J and Sellers, Tracy L and Talbot, Simon R and Cawthorn, Andrew J and Ford, Wes B},
  journal={Sea Fisheries Division, Technical Report},
  volume={48},
  pages={p411},
  year={1994}
}


@book{hothorn2009handbook,
  title={A handbook of statistical analyses using R},
  author={Hothorn, Torsten and Everitt, Brian S},
  year={2009},
  publisher={Chapman and Hall/CRC}
}

@book{quinn2002experimental,
  title={Experimental Design and Data Analysis for Biologists},
  author={Quinn, Gerry P},
  year={2002},
  publisher={Cambridge University Press}
}

@book{zuur2009mixed,
  title={Mixed effects models and extensions in ecology with R},
  author={Zuur, Alain F and Ieno, Elena N and Walker, Neil J and Saveliev, Anatoly A and Smith, Graham M and others},
  volume={574},
  year={2009},
  publisher={Springer}
}


@article{team2021rstudio,
  title={RStudio: integrated development environment for R},
  author={Team, R Studio},
  journal={(No Title)},
  year={2021}
}


 @Manual{R_cit,
    title = {R: A Language and Environment for Statistical Computing},
    author = {{R Core Team}},
    organization = {R Foundation for Statistical Computing},
    address = {Vienna, Austria},
    year = {2023},
    url = {https://www.R-project.org/},
  }

@Manual{Broom,
    title = {broom: Convert Statistical Objects into Tidy Tibbles},
    author = {David Robinson and Alex Hayes and Simon Couch},
    year = {2023},
    note = {R package version 1.0.4},
    url = {https://CRAN.R-project.org/package=broom},
  }


 @Book{ggplot_cit,
    author = {Hadley Wickham},
    title = {ggplot2: Elegant Graphics for Data Analysis},
    publisher = {Springer-Verlag New York},
    year = {2016},
    isbn = {978-3-319-24277-4},
    url = {https://ggplot2.tidyverse.org},
  }


@book{venables2013modern,
  title={Modern applied statistics with S-PLUS},
  author={Venables, William N and Ripley, Brian D},
  year={2013},
  publisher={Springer Science \& Business Media}
}
